<?xml version="1.0" encoding="UTF-8"?><record xmlns="http://www.loc.gov/MARC21/slim" xmlns:cinclude="http://apache.org/cocoon/include/1.0" xmlns:zs="http://www.loc.gov/zing/srw/">
  <leader>00782cz  a2200193n  4500</leader>
  <controlfield tag="001">n  80056930 </controlfield>
  <controlfield tag="003">DLC</controlfield>
  <controlfield tag="005">20140204160614.0</controlfield>
  <controlfield tag="008">801105n| azannaabn          |a aaa      </controlfield>
  <datafield tag="010" ind1=" " ind2=" ">
    <subfield code="a">n  80056930 </subfield>
  </datafield>
  <datafield tag="035" ind1=" " ind2=" ">
    <subfield code="a">(OCoLC)oca00438674</subfield>
  </datafield>
  <datafield tag="040" ind1=" " ind2=" ">
    <subfield code="a">DLC</subfield>
    <subfield code="b">eng</subfield>
    <subfield code="e">rda</subfield>
    <subfield code="c">DLC</subfield>
    <subfield code="d">DLC</subfield>
    <subfield code="d">PPPrHi</subfield>
    <subfield code="d">DLC</subfield>
  </datafield>
  <datafield tag="100" ind1="1" ind2=" ">
    <subfield code="a">Mudge, Lewis Seymour,</subfield>
    <subfield code="d">1929-2009</subfield>
  </datafield>
  <datafield tag="400" ind1="1" ind2=" ">
    <subfield code="a">Mudge, Lewis,</subfield>
    <subfield code="d">1929-2009</subfield>
  </datafield>
  <datafield tag="400" ind1="1" ind2=" ">
    <subfield code="a">Mudge, Lew,</subfield>
    <subfield code="d">1929-2009</subfield>
  </datafield>
  <datafield tag="670" ind1=" " ind2=" ">
    <subfield code="a">His In His service, 1959</subfield>
  </datafield>
  <datafield tag="670" ind1=" " ind2=" ">
    <subfield code="a">Formation and reflection, c1987:</subfield>
    <subfield code="b">CIP t.p. (Lewis Mudge) frwd. (Lewis S. Mudge)</subfield>
  </datafield>
  <datafield tag="670" ind1=" " ind2=" ">
    <subfield code="a">We can make the world economy a sustainable global home, 2014:</subfield>
    <subfield code="b">ECIP t.p. (Lewis S. Mudge) galley (Lew Mudge; d. 11 September 2009)</subfield>
  </datafield>
  <datafield tag="678" ind1=" " ind2=" ">
    <subfield code="a">Jr., b. 1929; Presbyterian educator, university chaplain, seminary professor and Dean</subfield>
  </datafield>
</record>